<?xml version="1.0" encoding="UTF-8"?><collection xmlns="http://www.loc.gov/MARC21/slim"><record><leader>00444nam--2200157-i-4500</leader><controlfield tag="001">000025605</controlfield><controlfield tag="002">20161230</controlfield><controlfield tag="005">20161230201036</controlfield><controlfield tag="008">060222s1000------------r-----000-0-eng-d</controlfield><datafield ind1=" " ind2=" " tag="020"><subfield code="a">IMPERFECTIONS IN NEARLY PERFECT CRYSTALS. SUMPOSIUM HELD AT POCONO MANOR, OCT. 12-14, 1950</subfield></datafield><datafield ind1=" " ind2=" " tag="100"><subfield code="a">Chairman, J</subfield></datafield><datafield ind1=" " ind2=" " tag="245"><subfield code="a">Hollomon, h</subfield></datafield><datafield ind1=" " ind2=" " tag="260"><subfield code="a">Maurer, R</subfield></datafield><datafield ind1=" " ind2=" " tag="490"><subfield code="a">Seitz, F</subfield></datafield><datafield ind1=" " ind2=" " tag="653"><subfield code="a">New York, John Wiley, 1952. Xii+490p</subfield></datafield><datafield ind1=" " ind2=" " tag="700"><subfield code="a">Shockley, W</subfield></datafield></record></collection>